@Book{knuth:84,
  author = 	 {Donald E. Knuth},
  title = 	 {The {\TeX} Book},
  publisher = 	 {Addison-Wesley},
  year = 	 {1984},
  edition = 	 {15th}
}

@InCollection{boulic:91,
  author = 	 {R. Boulic and O. Renault},
  title = 	 {3D Hierarchies for Animation},
  booktitle = 	 {New Trends in Animation and Visualization},
  publisher =    {John Wiley {\&} Sons ltd.},
  year = 	 {1991},
  editor = 	 {Nadia Magnenat-Thalmann and Daniel Thalmann}
}

@InCollection{Scarton:14,
  author    = {Carolina Scarton and
               Lin Sun and
               Karin Kipper Schuler and
               Magali Sanches Duran and
               Martha Palmer and
               Anna Korhonen},
  title     = {Verb Clustering for Brazilian Portuguese},
  booktitle = {CICLing {(1)}},
  series    = {Lecture Notes in Computer Science},
  volume    = {8403},
  pages     = {25--39},
  publisher = {Springer},
  year      = {2014}
}

@InCollection{smith:99,
  author = 	 {A. Smith and B. Jones},
  title = 	 {Verb Clustering for Brazilian Portuguese},
  booktitle = 	 {Advances in Computer Science},
  pages = 	 {555--566},
  publisher =    {Publishing Press},
  year = 	 {1999},
  editor = 	 {A. B. Smith-Jones}
}

@article{Mostafa:2013:MWS:2459330.2459485,
 author = {Mostafa, Mohamed M.},
 title = {More Than Words: Social Networks' Text Mining for Consumer Brand Sentiments},
 journal = {Expert Syst. Appl.},
 issue_date = {August, 2013},
 volume = {40},
 number = {10},
 month = aug,
 year = {2013},
 issn = {0957-4174},
 pages = {4241--4251},
 numpages = {11},
 url = {http://dx.doi.org/10.1016/j.eswa.2013.01.019},
 doi = {10.1016/j.eswa.2013.01.019},
 acmid = {2459485},
 publisher = {Pergamon Press, Inc.},
 address = {Tarrytown, NY, USA},
 keywords = {Consumer behavior, Global brands, Sentiment analysis, Text mining, Twitter},
}
