@article{article,
author = "Thangamani, P. and others",
year = {2010},
month = {05},
pages = {536-541},
title = {Integrated Clustering and Feature Selection Scheme for Text Documents.},
volume = {6},
journal = "Journal of Computer Science"
doi = 10.3844/jcssp.2010.536.541
}
