@article{chakraborty,
author = {CHAKRABORTY, S. and others},
year = {2011},
pages = {14--18},
title = {Performance Comparison of Incremental K-means and Incremental DBSCAN Algorithms},
volume = 27,
number = 11,
journal = {International Journal of Computer Applications (0975 â€“ 8887)},
doi = 10.5120/3346-4611
}
