@article{article,
author = {Chakraborty, Sanjay},
year = {2011},
month = {07},
pages = {},
title = {Analysis and Study of Incremental DBSCAN Clustering Algorithm},
volume = {1},
booktitle = {International Journal of Enterprise Computing and Business Systems}
}