@article{AFONSO2014,
   title = {{Automated text clustering of newspaper and scientific texts in brazilian portuguese: analysis and comparison of methods}},
   journal = {{JISTEM - Journal of Information Systems and Technology Management}},
   author={AFONSO, A. R. and others},
   ISSN = {1807-1775},
   language = {en},
   URL = {http://www.scielo.br/scielo.php?script=sci_arttext&pid=S1807-17752014000200415&nrm=iso},
   volume = {11},
   number = {2}
   year = {2014},
   month = {08},
   pages = {415 - 436},
   publisher = {scielo},
   crossref = {10.4301/S1807-17752014000200011},
   doi = 10.4301/S1807-17752014000200011 
   }
