@article{DataStreams,
title = "Clustering Text Data Streams â€“ A Tree based Approach with Ternary Function and Ternary Feature Vector",
journal = "Procedia Computer Science",
volume = "31",
number = "Supplement C",
pages = "976 - 984",
year = "2014",
note = "2nd International Conference on Information Technology and Quantitative Management, ITQM 2014",
issn = "1877-0509",
doi = "https://doi.org/10.1016/j.procs.2014.05.350",
author = " PhridviRaj M. S. B. and others"
}
