@article{trevisan,
  author = 	  {TREVISAN, T. B. and others},
  title = 	  {Comparação de algoritmos de clustering hierárquico em dados reais: um estudo de caso na agricultura},
  journal =   {Revista Eletrônica Científica Inovação e Tecnologia},
  pages = 	  {52},
  volume =    {5},
  number = 	  {2},
  year   =    {2013},
  doi = 	  {1}
}
